@COMMENT { BibTex package created from National Library of Australia Catalogue http://catalogue.nla.gov.au  }

@book{aCourseInUniversalAlgebra,
 title={A Course in Universal Algebra},
 author={Burris, S. and Sankappanavar, H. P.},
 url={http://www.thoralf.uwaterloo.ca/htdocs/ualg.html},
 ISBN={978-0-9880552-0-9},
 year={2012}
}

@Book{ nla.cat-vn1551939,
author = { Dilworth, Robert P. and Bogart, Kenneth P. and Kung, Joseph P. S. and Freese, Ralph S., },
title = { The Dilworth theorems : selected papers of Robert P. Dilworth / edited by Kenneth P. Bogart, Ralph Freese, Joseph P.S. Kung },
isbn = { 0817634347 },
publisher = { Birkhauser Boston },
pages = { xxvi, 465 p. : },
year = { 1990 },
type = { Book },
language = { English },
subjects = { Dilworth, Robert P. Robert Palmer), 1914-; Lattice theory. },
life-dates = { 1990 -  },
catalogue-url = { http://nla.gov.au/nla.cat-vn1551939 },
}

@book{isbnplus9780444521415,
 title={Residuated Lattices: An Algebraic Glimpse At Substructural Logics},
 author={Nikolaos Galatos},
 isbn={9780444521415},
 lccn={2010293108},
 series={Studies In Logic And The Foundations Of Mathematics},
 url={http://isbnplus.org/9780444521415},
 year={2007},
 publisher={Elsevier},
 address={Boston}
}

@Article{Ono92x,
  author       = "Hiroakira Ono",
  title        = "Algebraic aspect of logics without structural rules",  
  publisher    = "American Mathematical Society",
  journal      = "Contemporary Mathematics",
  volume       = "131 (part3)",
  year         = 1992,
  pages        = "601--621",
  note         = "Proceedings of the International Coference on Algebra Honoring A.Mal'cev,Novosibirsk,1989"
}

@InCollection{Ono93y,
  author       = "Hiroakira Ono",
  title        = "Semantics for substructural logics",
  booktitle    = "Substructural Logics",  
  publisher    = "Oxford University Press",
  year         = 1993,
  pages        = "259-291"
}

@article{yetter1990,
ajournal = "J. Symbolic Logic",
author = "Yetter, David N.",
journal = "Journal of Symbolic Logic",
month = "03",
number = "1",
pages = "41--64",
publisher = "Association for Symbolic Logic",
title = "Quantales and (Noncommutative) Linear Logic",
url = "http://projecteuclid.org/euclid.jsl/1183743184",
volume = "55",
year = "1990"
}

@InCollection{sep-consequence-algebraic,
	author       =	{Jansana, Ramon},
	title        =	{Propositional Consequence Relations and Algebraic Logic},
	booktitle    =	{The Stanford Encyclopedia of Philosophy},
	editor       =	{Edward N. Zalta},
	howpublished =	{\url{https://plato.stanford.edu/archives/spr2011/entries/consequence-algebraic/}},
	year         =	{2011},
	edition      =	{Spring 2011},
	publisher    =	{Metaphysics Research Lab, Stanford University}
}

@Article{Dilworth1939,
  author       = "Morgan Ward and Robert P. Dilworth",
  title        = "Residuated lattices", 
  publisher    = "American Mathematical Society",
  journal      = "Transactions on American Mathematical Society",
  volume       = "45",
  year         = 1939,
  pages        = "335-354"
}

@Book{zbMATH05611027,
    Author = {Dov M. {Gabbay} and Dimitrij {Skvortsov} and Valentin {Shehtman}},
    Title = {{Quantification in nonclassical logic. Volume I.}},
    ISBN = {978-0-444-52012-8/hbk},
    Pages = {xxiv + 615},
    Year = {2009},
    Publisher = {Amsterdam: Elsevier},
    Language = {English},
    MSC2010 = {03-02 03B45 03B55},
    Zbl = {1211.03002}
}

@inproceedings{DBLP:conf/cade/AvronL01,
  author    = {Arnon Avron and
               Iddo Lev},
  title     = {Canonical Propositional Gentzen-Type Systems},
  booktitle = {Automated Reasoning, First International Joint Conference, {IJCAR}
               2001, Siena, Italy, June 18-23, 2001, Proceedings},
  pages     = {529--544},
  year      = {2001},
  crossref  = {DBLP:conf/cade/2001},
  url       = {http://dx.doi.org/10.1007/3-540-45744-5_45},
  doi       = {10.1007/3-540-45744-5_45},
  timestamp = {Tue, 28 Jun 2011 15:08:34 +0200},
  biburl    = {http://dblp.uni-trier.de/rec/bib/conf/cade/AvronL01},
  bibsource = {dblp computer science bibliography, http://dblp.org}
}
@proceedings{DBLP:conf/cade/2001,
  editor    = {Rajeev Gor{\'{e}} and
               Alexander Leitsch and
               Tobias Nipkow},
  title     = {Automated Reasoning, First International Joint Conference, {IJCAR}
               2001, Siena, Italy, June 18-23, 2001, Proceedings},
  series    = {Lecture Notes in Computer Science},
  volume    = {2083},
  publisher = {Springer},
  year      = {2001},
  isbn      = {3-540-42254-4},
  timestamp = {Thu, 24 Jan 2002 16:11:54 +0100},
  biburl    = {http://dblp.uni-trier.de/rec/bib/conf/cade/2001},
  bibsource = {dblp computer science bibliography, http://dblp.org}
}

@book{fuchs2001modules,
  title={Modules Over Non-Noetherian Domains},
  author={Fuchs, L. and Salce, L.},
  isbn={9780821819630},
  lccn={00044205},
  series={Mathematical surveys and monographs},
  url={https://books.google.co.jp/books?id=4NzTiOuirN4C},
  year={2001},
  publisher={American Mathematical Society}
}

@Inbook{Fuchs1983,
author="Fuchs, L.",
editor="G{\"o}bel, R{\"u}diger
and Lady, Lee
and Mader, Adolf",
title="On projective dimensions of modules over valuation domains",
bookTitle="Abelian Group Theory: Proceedings of the Conference held at the University of Hawaii, Honolulu, USA December 28, 1982 -- January 4, 1983",
year="1983",
publisher="Springer Berlin Heidelberg",
address="Berlin, Heidelberg",
pages="589--598",
doi="10.1007/BFb0103735",
url="http://dx.doi.org/10.1007/BFb0103735"
}


