@String{j-DDJ                   = "Dr. Dobb's Journal of Software Tools"}

@Article{Schneier:1999:AT,
  author =       "Bruce Schneier",
  title =        "Attack Trees",
  journal =      j-DDJ,
  volume =       "24",
  number =       "12",
  pages =        "21--22, 24, 26, 28--29",
  month =        dec,
  year =         "1999",
  CODEN =        "DDJOEB",
  ISSN =         "1044-789X",
  bibdate =      "Thu Nov 9 06:25:06 MST 2000",
  bibsource =    "http://www.ddj.com/;
                 http://www.math.utah.edu/pub/tex/bib/dr-dobbs-1990.bib",
  abstract =     "Attack trees provide a formal, methodical way of
                 describing the security of systems, based on varying
                 attacks. Bruce shows how you can use them to improve
                 security by modeling attacks.",
  acknowledgement = ack-nhfb,
}


@article{KoMaRaSc2,
  author        = {Barbara Kordy and Sjouke Mauw and Sa\v{s}a Radomirovi\'{c} and Patrick Schweitzer},
  title         = {{Attack--Defense Trees}},
  journal       = {Journal of Logic and Computation},
  volume        = {24},
  number        = {1},
  pages         = {55-87},
  year          = {2014},
  doi           = {10.1093/logcom/exs029},
  url           = {http://logcom.oxfordjournals.org/cgi/reprint/exs029?ijkey=mh36BNzlgzljoDt&keytype=ref},
  project       = {atrees}
}

@article{DBLP:journals/corr/abs-1303-7397,
  author    = {Barbara Kordy and
               Ludovic Pietre-Cambacedes and
               Patrick Schweitzer},
  title     = {DAG-Based Attack and Defense Modeling: Don't Miss the Forest
               for the Attack Trees},
  journal   = {CoRR},
  volume    = {abs/1303.7397},
  year      = {2013},
  ee        = {http://arxiv.org/abs/1303.7397},
  bibsource = {DBLP, http://dblp.uni-trier.de}
}

@inproceedings{DBLP:conf/ifip1-7/KordyMRS10,
  author    = {Barbara Kordy and
               Sjouke Mauw and
               Sasa Radomirovic and
               Patrick Schweitzer},
  title     = {Foundations of Attack-Defense Trees},
  booktitle = {Formal Aspects in Security and Trust},
  year      = {2010},
  pages     = {80-95},
  ee        = {http://dx.doi.org/10.1007/978-3-642-19751-2_6},
  crossref  = {DBLP:conf/ifip1-7/2010},
  bibsource = {DBLP, http://dblp.uni-trier.de}
}

@proceedings{DBLP:conf/ifip1-7/2010,
  editor    = {Pierpaolo Degano and
               Sandro Etalle and
               Joshua D. Guttman},
  title     = {Formal Aspects of Security and Trust - 7th International
               Workshop, FAST 2010, Pisa, Italy, September 16-17, 2010.
               Revised Selected Papers},
  booktitle = {Formal Aspects in Security and Trust},
  publisher = {Springer},
  series    = {Lecture Notes in Computer Science},
  volume    = {6561},
  year      = {2011},
  isbn      = {978-3-642-19750-5},
  ee        = {http://dx.doi.org/10.1007/978-3-642-19751-2},
  bibsource = {DBLP, http://dblp.uni-trier.de}
}

@inproceedings{conf/critis/BuldasLPSW06,
  added-at = {2007-01-22T00:00:00.000+0100},
  author = {Buldas, Ahto and Laud, Peeter and Priisalu, Jaan and Saarepera, Mart and Willemson, Jan},
  biburl = {http://www.bibsonomy.org/bibtex/29df0127fbbabcf4e05d0a3ed07939d30/dblp},
  booktitle = {CRITIS},
  crossref = {conf/critis/2006},
  date = {2007-01-22},
  description = {dblp},
  editor = {Lopez, Javier},
  ee = {http://dx.doi.org/10.1007/11962977_19},
  interhash = {24d0509141a9dc2ac48a6c18996c6b13},
  intrahash = {9df0127fbbabcf4e05d0a3ed07939d30},
  isbn = {3-540-69083-2},
  keywords = {dblp},
  pages = {235-248},
  publisher = {Springer},
  series = {Lecture Notes in Computer Science},
  timestamp = {2007-01-22T00:00:00.000+0100},
  title = {Rational Choice of Security Measures Via Multi-parameter Attack Trees.},
  url = {http://dblp.uni-trier.de/db/conf/critis/critis2006.html#BuldasLPSW06},
  volume = 4347,
  year = 2006
}


@proceedings{conf/critis/2006,
  added-at = {2007-01-22T00:00:00.000+0100},
  biburl = {http://www.bibsonomy.org/bibtex/2ce57469a938535392bcd9d8720b2ce1b/dblp},
  booktitle = {CRITIS},
  editor = {Lopez, Javier},
  interhash = {35231cf9f6bbb7580e3c9331872604eb},
  intrahash = {ce57469a938535392bcd9d8720b2ce1b},
  isbn = {3-540-69083-2},
  keywords = {dblp},
  publisher = {Springer},
  series = {Lecture Notes in Computer Science},
  timestamp = {2007-01-22T00:00:00.000+0100},
  title = {Critical Information Infrastructures Security, First International Workshop, CRITIS 2006, Samos, Greece, August 31 - September 1, 2006, Revised Papers},
  url = {http://dblp.uni-trier.de/db/conf/critis/critis2006.html},
  volume = 4347,
  year = 2006
}

@inproceedings{DBLP:conf/icisc/MauwO05,
  author    = {Sjouke Mauw and
               Martijn Oostdijk},
  title     = {Foundations of Attack Trees},
  booktitle = {ICISC},
  year      = {2005},
  pages     = {186-198},
  ee        = {http://dx.doi.org/10.1007/11734727_17},
  crossref  = {DBLP:conf/icisc/2005},
  bibsource = {DBLP, http://dblp.uni-trier.de}
}

@proceedings{DBLP:conf/icisc/2005,
  editor    = {Dongho Won and
               Seungjoo Kim},
  title     = {Information Security and Cryptology - ICISC 2005, 8th International
               Conference, Seoul, Korea, December 1-2, 2005, Revised Selected
               Papers},
  booktitle = {ICISC},
  publisher = {Springer},
  series    = {Lecture Notes in Computer Science},
  volume    = {3935},
  year      = {2006},
  isbn      = {3-540-33354-1},
  bibsource = {DBLP, http://dblp.uni-trier.de}
}



@INPROCEEDINGS{1605745, 
 author={Casey Fung and Chen, A and Xinyu Wang and Lee, J. and Tarquini, R. and Anderson, M. and Linger, R.}, 
 booktitle={Military Communications Conference, 2005. MILCOM 2005. IEEE}, 
 title={Survivability analysis of distributed systems using attack tree methodology}, 
 year={2005}, 
 month={Oct}, 
 pages={583-589 Vol. 1}, 
 keywords={ad hoc networks;electronic messaging;mobility management (mobile radio);quality of service;telecommunication network reliability;MANET;QoS managers;attack tree methodology;component-based systems;discover services;distributed systems;intrusion scenarios;message-oriented systems;mobile ad-hoc network;service-oriented architectures;survivability analysis;system service failures;Accidents;Ad hoc networks;Failure analysis;Imaging phantoms;Independent component analysis;Mobile ad hoc networks;Mobile communication;Service oriented architecture;Tree graphs}, 
 doi={10.1109/MILCOM.2005.1605745},}



