@MISC{Muthukrishnan99classicaland,
    author = {Ashok Muthukrishnan},
    title = {Classical and Quantum Logic Gates: An Introduction to Quantum Computing Quantum Information Seminar},
    year = {1999}
}